@article{farenzena2009looprank,
	title={LoopRank: A novel tool to evaluate loop connectivity},
	author={Farenzena, Marcelo and Trierweiler, Jorge Ot{\'a}vio},
	journal={IFAC Proceedings Volumes},
	volume={42},
	number={11},
	pages={964--969},
	year={2009},
	publisher={Elsevier}
}

@incollection{streicher2014eigenvector,
	title={Eigenvector analysis for the ranking of control loop importance},
	author={Streicher, Simon J and Sandrock, Carl and others},
	booktitle={Computer Aided Chemical Engineering},
	volume={33},
	pages={835--840},
	year={2014},
	publisher={Elsevier}
}

@article{bryan200625,
	title={The \$25,000,000,000 eigenvector: The linear algebra behind Google},
	author={Bryan, Kurt and Leise, Tanya},
	journal={SIAM review},
	volume={48},
	number={3},
	pages={569--581},
	year={2006},
	publisher={SIAM}
}

@inproceedings{rahman2010new,
	title={New methods for detection of control loop interaction to prioritize control loop maintenance},
	author={Rahman, Anisur and Choudhury, MAA Shoukat},
	booktitle={International Conference on Electrical \& Computer Engineering (ICECE 2010)},
	pages={263--266},
	year={2010},
	organization={IEEE}
}

@article{streicher2019plant,
	title={Plant wide fault and disturbance screening using combined transfer entropy and eigenvector centrality analysis},
	author={Streicher, Simon and Sandrock, Carl},
	journal={arXiv preprint arXiv:1904.04035},
	year={2019}
}

@article{elmqvist2004animated,
	title={Animated visualization of causal relations through growing 2D geometry},
	author={Elmqvist, Niklas and Tsigas, Philippas},
	journal={Information Visualization},
	volume={3},
	number={3},
	pages={154--172},
	year={2004},
	publisher={SAGE Publications Sage UK: London, England}
}

@article{wang2018geometric,
	title={A geometric method for batch data visualization, process monitoring and fault detection},
	author={Wang, Ray and Edgar, Thomas F and Baldea, Michael and Nixon, Mark and Wojsznis, Willy and Dunia, Ricardo},
	journal={Journal of Process Control},
	volume={67},
	pages={197--205},
	year={2018},
	publisher={Elsevier}
}

@article{isenberg2016vispubdata,
	title={vispubdata. org: A metadata collection about ieee visualization (vis) publications},
	author={Isenberg, Petra and Heimerl, Florian and Koch, Steffen and Isenberg, Tobias and Xu, Panpan and Stolper, Charles D and Sedlmair, Michael and Chen, Jian and M{\"o}ller, Torsten and Stasko, John},
	journal={IEEE transactions on visualization and computer graphics},
	volume={23},
	number={9},
	pages={2199--2206},
	year={2016},
	publisher={IEEE}
}

@inproceedings{rees2019survey,
	title={A survey of information visualization books},
	author={Rees, Dylan and Laramee, Robert S},
	booktitle={Computer Graphics Forum},
	volume={38},
	number={1},
	pages={610--646},
	year={2019},
	organization={Wiley Online Library}
}

@inproceedings{mahyar2010closer,
	title={A closer look at note taking in the co-located collaborative visual analytics process},
	author={Mahyar, Narges and Sarvghad, Ali and Tory, Melanie},
	booktitle={2010 IEEE Symposium on Visual Analytics Science and Technology},
	pages={171--178},
	year={2010},
	organization={IEEE}
}

@article{saraiya2006insight,
	title={An insight-based longitudinal study of visual analytics},
	author={Saraiya, Purvi and North, Chris and Lam, Vy and Duca, Karen A},
	journal={IEEE Transactions on Visualization and Computer Graphics},
	volume={12},
	number={6},
	pages={1511--1522},
	year={2006},
	publisher={IEEE}
}

@inproceedings{pirolli2005sensemaking,
	title={The sensemaking process and leverage points for analyst technology as identified through cognitive task analysis},
	author={Pirolli, Peter and Card, Stuart},
	booktitle={Proceedings of international conference on intelligence analysis},
	volume={5},
	pages={2--4},
	year={2005},
	organization={McLean, VA, USA}
}

@article{klein2006making,
	title={Making sense of sensemaking 2: A macrocognitive model},
	author={Klein, Gary and Moon, Brian and Hoffman, Robert R},
	journal={IEEE Intelligent systems},
	volume={21},
	number={5},
	pages={88--92},
	year={2006},
	publisher={IEEE}
}

@article{sacha2014knowledge,
	title={Knowledge generation model for visual analytics},
	author={Sacha, Dominik and Stoffel, Andreas and Stoffel, Florian and Kwon, Bum Chul and Ellis, Geoffrey and Keim, Daniel A},
	journal={IEEE transactions on visualization and computer graphics},
	volume={20},
	number={12},
	pages={1604--1613},
	year={2014},
	publisher={IEEE}
}

@article{fayyad1996data,
	title={From data mining to knowledge discovery in databases},
	author={Fayyad, Usama and Piatetsky-Shapiro, Gregory and Smyth, Padhraic},
	journal={AI magazine},
	volume={17},
	number={3},
	pages={37--37},
	year={1996}
}

@article{barnard2015usability,
	title={Usability of visualization libraries for web browsers for use in scientific analysis},
	author={Barnard, Luke and Mertik, Matej},
	journal={International Journal of Computer Applications},
	volume={121},
	number={1},
	year={2015},
	publisher={Citeseer}
}

@inproceedings{fahad2018big,
	title={Big Data Visualization: Allotting by R and Python with GUI Tools},
	author={Fahad, SK Ahammad and Yahya, Abdulsamad Ebrahim},
	booktitle={2018 International Conference on Smart Computing and Electronic Enterprise (ICSCEE)},
	pages={1--8},
	year={2018},
	organization={IEEE}
}

@inproceedings{ali2016big,
	title={Big data visualization: Tools and challenges},
	author={Ali, Syed Mohd and Gupta, Noopur and Nayak, Gopal Krishna and Lenka, Rakesh Kumar},
	booktitle={2016 2nd International Conference on Contemporary Computing and Informatics (IC3I)},
	pages={656--660},
	year={2016},
	organization={IEEE}
}

@inproceedings{caldarola2017big,
	title={Big Data Visualization Tools: A Survey},
	author={Caldarola, Enrico G and Rinaldi, Antonio M},
	booktitle={Proceedings of the 6th International Conference on Data Science, Technology and Applications},
	pages={296--305},
	year={2017},
	organization={SCITEPRESS-Science and Technology Publications, Lda}
}

@article{thornhill2007advances,
	title={Advances and new directions in plant-wide disturbance detection and diagnosis},
	author={Thornhill, Nina F and Horch, Alexander},
	journal={Control Engineering Practice},
	volume={15},
	number={10},
	pages={1196--1206},
	year={2007},
	publisher={Elsevier}
}

@article{jiang2019review,
	title={Review and perspectives of data-driven distributed monitoring for industrial plant-wide processes},
	author={Jiang, Qingchao and Yan, Xuefeng and Huang, Biao},
	journal={Industrial \& Engineering Chemistry Research},
	volume={58},
	number={29},
	pages={12899--12912},
	year={2019},
	publisher={ACS Publications}
}

@article{gao2015survey,
	title={A survey of fault diagnosis and fault-tolerant techniques—Part I: Fault diagnosis with model-based and signal-based approaches},
	author={Gao, Zhiwei and Cecati, Carlo and Ding, Steven X},
	journal={IEEE Transactions on Industrial Electronics},
	volume={62},
	number={6},
	pages={3757--3767},
	year={2015},
	publisher={IEEE}
}

@article{cecati2015survey,
	title={A survey of fault diagnosis and fault-tolerant techniques—Part II: Fault diagnosis with knowledge-based and hybrid/active approaches},
	author={Cecati, Carlo},
	year={2015}
}

@article{venkatasubramanian2003review,
	title={A review of process fault detection and diagnosis: Part I: Quantitative model-based methods},
	author={Venkatasubramanian, Venkat and Rengaswamy, Raghunathan and Yin, Kewen and Kavuri, Surya N},
	journal={Computers \& chemical engineering},
	volume={27},
	number={3},
	pages={293--311},
	year={2003},
	publisher={Elsevier}
}